% This file was created with JabRef 2.7b.
% Encoding: UTF-8

@ARTICLE{ai_town_ref,
    author    = "Joon Sung Park and Joseph C. O'Brien and Carrie J. Cai and Meredith Ringel Morris and Percy Liang and Michael S. Bernstein",
    title     = "Generative Agents: Interactive Simulacra of Human Behavior",
    eprint={2304.03442},
    archivePrefix={arXiv},
    primaryClass={cs.HC},
    year      = "2023",
    month    = "08",
}

@MISC{docker_compose_reference,
  author = {{Docker Inc.}},
  title = {Compose file version 3 reference},
  howpublished = {\url{https://docs.docker.com/compose/compose-file/}},
  type = {Text},
  url = {https://docs.docker.com/compose/compose-file/},
  note = {ost. dost. 12 listopada 2018}
}